% This file was created with JabRef 2.10b2.
% Encoding: UTF-8


@Book{Bringhurst2005,
  Title                    = {The Elements of Typography},
  Author                   = {Robert Bringhurst},
  Publisher                = {Hartley \& Marks},
  Year                     = {2005},
  Edition                  = {3.1},

  ISBN                     = {0-88179-205-5}
}

@Book{Mittelbach2004,
  Title                    = {The \LaTeX\ Companion},
  Author                   = {Frank Mittelbach and Michel Goossens},
  Publisher                = {Addison--Wesley},
  Year                     = {2004},
  Edition                  = {Second},

  ISBN                     = {0-201-36299-6}
}

@Book{Tufte2006,
  Title                    = {Beautiful Evidence},
  Author                   = {Edward R. Tufte},
  Publisher                = {Graphics Press, {LLC}},
  Year                     = {2006},
  Edition                  = {First},
  Month                    = {May},

  ISBN                     = {0-9613921-7-7},
  Place                    = {Cheshire, Connecticut}
}

@Book{Tufte2001,
  Title                    = {The Visual Display of Quantitative Information},
  Author                   = {Edward R. Tufte},
  Publisher                = {Graphics Press},
  Year                     = {2001},

  Address                  = {Cheshire, Connecticut},

  ISBN                     = {0-9613921-4-2}
}

@Book{Tufte1997,
  Title                    = {Visual Explanations},
  Author                   = {Edward R. Tufte},
  Publisher                = {Graphics Press},
  Year                     = {1997},

  Address                  = {Cheshire, Connecticut},

  ISBN                     = {0-9613921-2-6}
}

@Book{Tufte1990,
  Title                    = {Envisioning Information},
  Author                   = {Edward R. Tufte},
  Publisher                = {Graphics Press},
  Year                     = {1990},

  Address                  = {Cheshire, Connecticut},

  ISBN                     = {0-9613921-1-8}
}

@Misc{pkg-geometry,
  Title                    = {The \texttt{geometry} package},

  Author                   = {Hideo Umeki},
  HowPublished             = {\url{http://ctan.org/pkg/geometry}},
  Month                    = dec,
  Year                     = {2008}
}

